@misc{GParted,
  journal = {GNOME Partition Editor},
  title = {Screenshots},
  publisher = {GNOME Partition Editor development team},
  address = {Celosvětově},
  year = {2015},
  URL = {http://gparted.sourceforge.net/screenshots.php},
  sorttitle = {B},
}

@misc{blivet-gui,
  journal = {Blog.vojtechtrefny.cz},
  title = {Blivet-gui},
  publisher = {Vojtěch Trefný},
  address = {Brno},
  year = {2014},
  URL = {http://blog.vojtechtrefny.cz/blivet-gui},
  sorttitle = {C},
}

@misc{CentOS,
  journal = {CentOS},
  title = {CentOS 7 Updates},
  publisher = {The CentOS Project},
  address = {Raleigh, NC},
  year = {2015},
  URL = {https://www.centos.org/},
  sorttitle = {A},
}

